%% Ejemplo de artículo citado
 %author    = {Elaine Landry and Jean-Pierre Marquis},
 % title     = {Categories in Context: Historical, Foundational and Philosophical},
 % journal   = {Philosophia Mathematica},
 % year      = {2005},
 % volume    = {13},
 % number    = {6},
 % pages     = {1-43}
  %month     = {Nov.-Dec.},
  %annote    = { Anotaciones extra sobre el artículo}


@book{TPL,
  author    = {Benjamin C.Pierce}, 
  title     = {Types and Programming Languages},
  publisher = {The MIT Press}
}


@article{castagna_gradual_2017,
	title = {Gradual typing with union and intersection types},
	volume = {1},
	issn = {24751421},
	url = {http://dl.acm.org/citation.cfm?doid=3136534.3110285},
	doi = {10.1145/3110285},
	pages = {1--28},
	issue = {{ICFP}},
	journaltitle = {Proceedings of the {ACM} on Programming Languages},
	author = {Castagna, Giuseppe and Lanvin, Victor},
	urldate = {2018-10-21},
	date = {2017-08-29},
	langid = {english}
}

@incollection{ranzato_gradual_2017,
	location = {Cham},
	title = {A Gradual Interpretation of Union Types},
	volume = {10422},
	isbn = {978-3-319-66705-8 978-3-319-66706-5},
	url = {http://link.springer.com/10.1007/978-3-319-66706-5_19},
	pages = {382--404},
	booktitle = {Static Analysis},
	publisher = {Springer International Publishing},
	author = {Toro, Matías and Tanter, Éric},
	editor = {Ranzato, Francesco},
	urldate = {2018-12-07},
	date = {2017},
	langid = {english},
	doi = {10.1007/978-3-319-66706-5_19}
}

@book{cutland_computability_1980,
	location = {Cambridge [Eng.] ; New York},
	title = {Computability, an introduction to recursive function theory},
	isbn = {978-0-521-22384-3 978-0-521-29465-2},
	pagetotal = {251},
	publisher = {Cambridge University Press},
	author = {Cutland, Nigel},
	date = {1980},
	langid = {english},
	keywords = {Computable functions, Recursion theory}
}

@article{neumann_programming_nodate,
	title = {Programming Languages in Artificial Intelligence},
	author = {Neumann, Gunter},
	langid = {english}
}

@book {how_mind_works,
	title = {How the Mind Works (1997/2009)},
	year = {2009},
	publisher = {New York, NY: W. W. Norton \& Company},
	organization = {New York, NY: W. W. Norton \& Company},
	edition = {2009},
	author = {S Pinker}
}

@Book{hottbook,
  author =    {The {Univalent Foundations Program}},
  title =     {Homotopy Type Theory: Univalent Foundations of Mathematics},
  publisher = {\url{https://homotopytypetheory.org/book}},
  address =   {Institute for Advanced Study},
  year =      2013}
  
@book{laberinto,
  author    = {José Ferreiros}, 
  title     = {Labyrinth of Thought, A History of Set Theory and Its Role in Modern Mathematics},
  publisher = {Birkhäuser},
  edition   = 2,
}

@misc{mparser,
  author = {Murmour},
  title = {{MParser, a simple monadic parser combinator library}},
  howpublished = "\url{https://github.com/murmour/mparser}",
  note = {Accessed: 12-07-2019}
}


@book{dragoonBook,
  author = {Aho, Alfred V. and Lam, Monica S. and Sethi, Ravi and Ullman, Jeffrey D.},
  howpublished = {Hardcover},
  isbn = {0321486811},
  keywords = {compilers},
  month = {August},
  publisher = {{Addison Wesley}},
  title = {Compilers: Principles, Techniques, and Tools (2nd Edition)},
  year = 2006
}

@misc{llvm,
	title = {The LLVM Compiler Infrastructure},
	howpublished = {\url{https://llvm.org/}},
	note = {Accessed: 28-08-2019}
}

@misc{llvmocaml,
	title = {Kaleidoscope: Implementing a Language with LLVM in Objective Caml},
	howpublished = {\url{https://llvm.org/docs/tutorial/index.html}},
	note = {Accessed: 28-08-2019}
}